%YAML 1.1
%TAG !u! tag:unity3d.com,2011:
--- !u!1 &3216205630583766814
GameObject:
  m_ObjectHideFlags: 0
  m_CorrespondingSourceObject: {fileID: 0}
  m_PrefabInstance: {fileID: 0}
  m_PrefabAsset: {fileID: 0}
  serializedVersion: 6
  m_Component:
  - component: {fileID: 3216205630583766815}
  - component: {fileID: 3216205630583766809}
  - component: {fileID: 3216205630583766808}
  m_Layer: 5
  m_Name: Window
  m_TagString: Untagged
  m_Icon: {fileID: 0}
  m_NavMeshLayer: 0
  m_StaticEditorFlags: 0
  m_IsActive: 1
--- !u!224 &3216205630583766815
RectTransform:
  m_ObjectHideFlags: 0
  m_CorrespondingSourceObject: {fileID: 0}
  m_PrefabInstance: {fileID: 0}
  m_PrefabAsset: {fileID: 0}
  m_GameObject: {fileID: 3216205630583766814}
  m_LocalRotation: {x: 0, y: 0, z: 0, w: 1}
  m_LocalPosition: {x: 0, y: 0, z: 0}
  m_LocalScale: {x: 1, y: 1, z: 1}
  m_Children:
  - {fileID: 3216205632049293917}
  m_Father: {fileID: 3216205631520254538}
  m_RootOrder: 1
  m_LocalEulerAnglesHint: {x: 0, y: 0, z: 0}
  m_AnchorMin: {x: 0, y: 0}
  m_AnchorMax: {x: 1, y: 1}
  m_AnchoredPosition: {x: 0, y: -85}
  m_SizeDelta: {x: -460, y: -630}
  m_Pivot: {x: 0.5, y: 0.5}
--- !u!222 &3216205630583766809
CanvasRenderer:
  m_ObjectHideFlags: 0
  m_CorrespondingSourceObject: {fileID: 0}
  m_PrefabInstance: {fileID: 0}
  m_PrefabAsset: {fileID: 0}
  m_GameObject: {fileID: 3216205630583766814}
  m_CullTransparentMesh: 0
--- !u!114 &3216205630583766808
MonoBehaviour:
  m_ObjectHideFlags: 0
  m_CorrespondingSourceObject: {fileID: 0}
  m_PrefabInstance: {fileID: 0}
  m_PrefabAsset: {fileID: 0}
  m_GameObject: {fileID: 3216205630583766814}
  m_Enabled: 1
  m_EditorHideFlags: 0
  m_Script: {fileID: -765806418, guid: f70555f144d8491a825f0804e09c671c, type: 3}
  m_Name: 
  m_EditorClassIdentifier: 
  m_Material: {fileID: 0}
  m_Color: {r: 0.5, g: 0, b: 0.49786305, a: 1}
  m_RaycastTarget: 1
  m_OnCullStateChanged:
    m_PersistentCalls:
      m_Calls: []
    m_TypeName: UnityEngine.UI.MaskableGraphic+CullStateChangedEvent, UnityEngine.UI,
      Version=1.0.0.0, Culture=neutral, PublicKeyToken=null
  m_Sprite: {fileID: 10907, guid: 0000000000000000f000000000000000, type: 0}
  m_Type: 1
  m_PreserveAspect: 0
  m_FillCenter: 1
  m_FillMethod: 4
  m_FillAmount: 1
  m_FillClockwise: 1
  m_FillOrigin: 0
  m_UseSpriteMesh: 0
--- !u!1 &3216205631413839829
GameObject:
  m_ObjectHideFlags: 0
  m_CorrespondingSourceObject: {fileID: 0}
  m_PrefabInstance: {fileID: 0}
  m_PrefabAsset: {fileID: 0}
  serializedVersion: 6
  m_Component:
  - component: {fileID: 3216205631413839830}
  - component: {fileID: 3216205631413839824}
  - component: {fileID: 3216205631413839831}
  m_Layer: 5
  m_Name: BlackoutPanel
  m_TagString: Untagged
  m_Icon: {fileID: 0}
  m_NavMeshLayer: 0
  m_StaticEditorFlags: 0
  m_IsActive: 1
--- !u!224 &3216205631413839830
RectTransform:
  m_ObjectHideFlags: 0
  m_CorrespondingSourceObject: {fileID: 0}
  m_PrefabInstance: {fileID: 0}
  m_PrefabAsset: {fileID: 0}
  m_GameObject: {fileID: 3216205631413839829}
  m_LocalRotation: {x: 0, y: 0, z: 0, w: 1}
  m_LocalPosition: {x: 0, y: 0, z: 0}
  m_LocalScale: {x: 1, y: 1, z: 1}
  m_Children: []
  m_Father: {fileID: 3216205631520254538}
  m_RootOrder: 0
  m_LocalEulerAnglesHint: {x: 0, y: 0, z: 0}
  m_AnchorMin: {x: 0, y: 0}
  m_AnchorMax: {x: 1, y: 1}
  m_AnchoredPosition: {x: 0, y: 0}
  m_SizeDelta: {x: 0, y: 0}
  m_Pivot: {x: 0.5, y: 0.5}
--- !u!222 &3216205631413839824
CanvasRenderer:
  m_ObjectHideFlags: 0
  m_CorrespondingSourceObject: {fileID: 0}
  m_PrefabInstance: {fileID: 0}
  m_PrefabAsset: {fileID: 0}
  m_GameObject: {fileID: 3216205631413839829}
  m_CullTransparentMesh: 0
--- !u!114 &3216205631413839831
MonoBehaviour:
  m_ObjectHideFlags: 0
  m_CorrespondingSourceObject: {fileID: 0}
  m_PrefabInstance: {fileID: 0}
  m_PrefabAsset: {fileID: 0}
  m_GameObject: {fileID: 3216205631413839829}
  m_Enabled: 1
  m_EditorHideFlags: 0
  m_Script: {fileID: -765806418, guid: f70555f144d8491a825f0804e09c671c, type: 3}
  m_Name: 
  m_EditorClassIdentifier: 
  m_Material: {fileID: 0}
  m_Color: {r: 0, g: 0, b: 0, a: 0.56078434}
  m_RaycastTarget: 1
  m_OnCullStateChanged:
    m_PersistentCalls:
      m_Calls: []
    m_TypeName: UnityEngine.UI.MaskableGraphic+CullStateChangedEvent, UnityEngine.UI,
      Version=1.0.0.0, Culture=neutral, PublicKeyToken=null
  m_Sprite: {fileID: 10907, guid: 0000000000000000f000000000000000, type: 0}
  m_Type: 1
  m_PreserveAspect: 0
  m_FillCenter: 1
  m_FillMethod: 4
  m_FillAmount: 1
  m_FillClockwise: 1
  m_FillOrigin: 0
  m_UseSpriteMesh: 0
--- !u!1 &3216205631520254537
GameObject:
  m_ObjectHideFlags: 0
  m_CorrespondingSourceObject: {fileID: 0}
  m_PrefabInstance: {fileID: 0}
  m_PrefabAsset: {fileID: 0}
  serializedVersion: 6
  m_Component:
  - component: {fileID: 3216205631520254538}
  m_Layer: 5
  m_Name: LeagueInfo
  m_TagString: Untagged
  m_Icon: {fileID: 0}
  m_NavMeshLayer: 0
  m_StaticEditorFlags: 0
  m_IsActive: 1
--- !u!224 &3216205631520254538
RectTransform:
  m_ObjectHideFlags: 0
  m_CorrespondingSourceObject: {fileID: 0}
  m_PrefabInstance: {fileID: 0}
  m_PrefabAsset: {fileID: 0}
  m_GameObject: {fileID: 3216205631520254537}
  m_LocalRotation: {x: 0, y: 0, z: 0, w: 1}
  m_LocalPosition: {x: 0, y: 0, z: 0}
  m_LocalScale: {x: 1, y: 1, z: 1}
  m_Children:
  - {fileID: 3216205631413839830}
  - {fileID: 3216205630583766815}
  m_Father: {fileID: 0}
  m_RootOrder: 0
  m_LocalEulerAnglesHint: {x: 0, y: 0, z: 0}
  m_AnchorMin: {x: 0, y: 0}
  m_AnchorMax: {x: 1, y: 1}
  m_AnchoredPosition: {x: 0, y: 0}
  m_SizeDelta: {x: 0, y: 0}
  m_Pivot: {x: 0.5, y: 0.5}
--- !u!1 &3216205632049293916
GameObject:
  m_ObjectHideFlags: 0
  m_CorrespondingSourceObject: {fileID: 0}
  m_PrefabInstance: {fileID: 0}
  m_PrefabAsset: {fileID: 0}
  serializedVersion: 6
  m_Component:
  - component: {fileID: 3216205632049293917}
  - component: {fileID: 4288650765471382665}
  m_Layer: 5
  m_Name: Content
  m_TagString: Untagged
  m_Icon: {fileID: 0}
  m_NavMeshLayer: 0
  m_StaticEditorFlags: 0
  m_IsActive: 1
--- !u!224 &3216205632049293917
RectTransform:
  m_ObjectHideFlags: 0
  m_CorrespondingSourceObject: {fileID: 0}
  m_PrefabInstance: {fileID: 0}
  m_PrefabAsset: {fileID: 0}
  m_GameObject: {fileID: 3216205632049293916}
  m_LocalRotation: {x: -0, y: -0, z: -0, w: 1}
  m_LocalPosition: {x: 0, y: 0, z: 0}
  m_LocalScale: {x: 1, y: 1, z: 1}
  m_Children:
  - {fileID: 8767213144669354379}
  - {fileID: 3216205631731419669}
  - {fileID: 820486196356219819}
  - {fileID: 6952102046225110026}
  m_Father: {fileID: 3216205630583766815}
  m_RootOrder: 0
  m_LocalEulerAnglesHint: {x: 0, y: 0, z: 0}
  m_AnchorMin: {x: 0, y: 0}
  m_AnchorMax: {x: 1, y: 1}
  m_AnchoredPosition: {x: 0, y: 0}
  m_SizeDelta: {x: 0, y: 0}
  m_Pivot: {x: 0.5, y: 0.5}
--- !u!114 &4288650765471382665
MonoBehaviour:
  m_ObjectHideFlags: 0
  m_CorrespondingSourceObject: {fileID: 0}
  m_PrefabInstance: {fileID: 0}
  m_PrefabAsset: {fileID: 0}
  m_GameObject: {fileID: 3216205632049293916}
  m_Enabled: 1
  m_EditorHideFlags: 0
  m_Script: {fileID: 1297475563, guid: f70555f144d8491a825f0804e09c671c, type: 3}
  m_Name: 
  m_EditorClassIdentifier: 
  m_Padding:
    m_Left: 0
    m_Right: 0
    m_Top: 0
    m_Bottom: 0
  m_ChildAlignment: 4
  m_Spacing: 70
  m_ChildForceExpandWidth: 1
  m_ChildForceExpandHeight: 0
  m_ChildControlWidth: 0
  m_ChildControlHeight: 0
  m_ChildScaleWidth: 0
  m_ChildScaleHeight: 1
--- !u!1001 &251327670541287011
PrefabInstance:
  m_ObjectHideFlags: 0
  serializedVersion: 2
  m_Modification:
    m_TransformParent: {fileID: 3216205632049293917}
    m_Modifications:
    - target: {fileID: 8851685192506542057, guid: 1160194a817653f4485293da4aa43091,
        type: 3}
      propertyPath: m_Name
      value: LeagueInfoElement (3)
      objectReference: {fileID: 0}
    - target: {fileID: 8851685192506542056, guid: 1160194a817653f4485293da4aa43091,
        type: 3}
      propertyPath: m_LocalPosition.x
      value: 0
      objectReference: {fileID: 0}
    - target: {fileID: 8851685192506542056, guid: 1160194a817653f4485293da4aa43091,
        type: 3}
      propertyPath: m_LocalPosition.y
      value: 0
      objectReference: {fileID: 0}
    - target: {fileID: 8851685192506542056, guid: 1160194a817653f4485293da4aa43091,
        type: 3}
      propertyPath: m_LocalPosition.z
      value: 0
      objectReference: {fileID: 0}
    - target: {fileID: 8851685192506542056, guid: 1160194a817653f4485293da4aa43091,
        type: 3}
      propertyPath: m_LocalRotation.x
      value: 0
      objectReference: {fileID: 0}
    - target: {fileID: 8851685192506542056, guid: 1160194a817653f4485293da4aa43091,
        type: 3}
      propertyPath: m_LocalRotation.y
      value: 0
      objectReference: {fileID: 0}
    - target: {fileID: 8851685192506542056, guid: 1160194a817653f4485293da4aa43091,
        type: 3}
      propertyPath: m_LocalRotation.z
      value: 0
      objectReference: {fileID: 0}
    - target: {fileID: 8851685192506542056, guid: 1160194a817653f4485293da4aa43091,
        type: 3}
      propertyPath: m_LocalRotation.w
      value: 1
      objectReference: {fileID: 0}
    - target: {fileID: 8851685192506542056, guid: 1160194a817653f4485293da4aa43091,
        type: 3}
      propertyPath: m_RootOrder
      value: 0
      objectReference: {fileID: 0}
    - target: {fileID: 8851685192506542056, guid: 1160194a817653f4485293da4aa43091,
        type: 3}
      propertyPath: m_LocalEulerAnglesHint.x
      value: 0
      objectReference: {fileID: 0}
    - target: {fileID: 8851685192506542056, guid: 1160194a817653f4485293da4aa43091,
        type: 3}
      propertyPath: m_LocalEulerAnglesHint.y
      value: 0
      objectReference: {fileID: 0}
    - target: {fileID: 8851685192506542056, guid: 1160194a817653f4485293da4aa43091,
        type: 3}
      propertyPath: m_LocalEulerAnglesHint.z
      value: 0
      objectReference: {fileID: 0}
    - target: {fileID: 8851685192506542056, guid: 1160194a817653f4485293da4aa43091,
        type: 3}
      propertyPath: m_AnchoredPosition.x
      value: 0
      objectReference: {fileID: 0}
    - target: {fileID: 8851685192506542056, guid: 1160194a817653f4485293da4aa43091,
        type: 3}
      propertyPath: m_AnchoredPosition.y
      value: 0
      objectReference: {fileID: 0}
    - target: {fileID: 8851685192506542056, guid: 1160194a817653f4485293da4aa43091,
        type: 3}
      propertyPath: m_SizeDelta.x
      value: 700
      objectReference: {fileID: 0}
    - target: {fileID: 8851685192506542056, guid: 1160194a817653f4485293da4aa43091,
        type: 3}
      propertyPath: m_SizeDelta.y
      value: 360
      objectReference: {fileID: 0}
    - target: {fileID: 8851685192506542056, guid: 1160194a817653f4485293da4aa43091,
        type: 3}
      propertyPath: m_AnchorMin.x
      value: 0
      objectReference: {fileID: 0}
    - target: {fileID: 8851685192506542056, guid: 1160194a817653f4485293da4aa43091,
        type: 3}
      propertyPath: m_AnchorMin.y
      value: 0
      objectReference: {fileID: 0}
    - target: {fileID: 8851685192506542056, guid: 1160194a817653f4485293da4aa43091,
        type: 3}
      propertyPath: m_AnchorMax.x
      value: 0
      objectReference: {fileID: 0}
    - target: {fileID: 8851685192506542056, guid: 1160194a817653f4485293da4aa43091,
        type: 3}
      propertyPath: m_AnchorMax.y
      value: 0
      objectReference: {fileID: 0}
    - target: {fileID: 8851685192506542056, guid: 1160194a817653f4485293da4aa43091,
        type: 3}
      propertyPath: m_Pivot.x
      value: 0.5
      objectReference: {fileID: 0}
    - target: {fileID: 8851685192506542056, guid: 1160194a817653f4485293da4aa43091,
        type: 3}
      propertyPath: m_Pivot.y
      value: 0.5
      objectReference: {fileID: 0}
    - target: {fileID: 8851685193179726679, guid: 1160194a817653f4485293da4aa43091,
        type: 3}
      propertyPath: m_Color.r
      value: 0.8490566
      objectReference: {fileID: 0}
    - target: {fileID: 8851685193179726679, guid: 1160194a817653f4485293da4aa43091,
        type: 3}
      propertyPath: m_Color.g
      value: 0.07902612
      objectReference: {fileID: 0}
    - target: {fileID: 8851685192163559159, guid: 1160194a817653f4485293da4aa43091,
        type: 3}
      propertyPath: m_Color.r
      value: 0.8509804
      objectReference: {fileID: 0}
    - target: {fileID: 8851685192163559159, guid: 1160194a817653f4485293da4aa43091,
        type: 3}
      propertyPath: m_Color.g
      value: 0.078431375
      objectReference: {fileID: 0}
    - target: {fileID: 8851685192636706405, guid: 1160194a817653f4485293da4aa43091,
        type: 3}
      propertyPath: m_IsActive
      value: 1
      objectReference: {fileID: 0}
    - target: {fileID: 8851685191927087588, guid: 1160194a817653f4485293da4aa43091,
        type: 3}
      propertyPath: m_IsActive
      value: 0
      objectReference: {fileID: 0}
    m_RemovedComponents: []
  m_SourcePrefab: {fileID: 100100000, guid: 1160194a817653f4485293da4aa43091, type: 3}
--- !u!224 &8767213144669354379 stripped
RectTransform:
  m_CorrespondingSourceObject: {fileID: 8851685192506542056, guid: 1160194a817653f4485293da4aa43091,
    type: 3}
  m_PrefabInstance: {fileID: 251327670541287011}
  m_PrefabAsset: {fileID: 0}
--- !u!1001 &1922284093952988130
PrefabInstance:
  m_ObjectHideFlags: 0
  serializedVersion: 2
  m_Modification:
    m_TransformParent: {fileID: 3216205632049293917}
    m_Modifications:
    - target: {fileID: 8851685192506542057, guid: 1160194a817653f4485293da4aa43091,
        type: 3}
      propertyPath: m_Name
      value: LeagueInfoElement (2)
      objectReference: {fileID: 0}
    - target: {fileID: 8851685192506542056, guid: 1160194a817653f4485293da4aa43091,
        type: 3}
      propertyPath: m_LocalPosition.x
      value: 0
      objectReference: {fileID: 0}
    - target: {fileID: 8851685192506542056, guid: 1160194a817653f4485293da4aa43091,
        type: 3}
      propertyPath: m_LocalPosition.y
      value: 0
      objectReference: {fileID: 0}
    - target: {fileID: 8851685192506542056, guid: 1160194a817653f4485293da4aa43091,
        type: 3}
      propertyPath: m_LocalPosition.z
      value: 0
      objectReference: {fileID: 0}
    - target: {fileID: 8851685192506542056, guid: 1160194a817653f4485293da4aa43091,
        type: 3}
      propertyPath: m_LocalRotation.x
      value: 0
      objectReference: {fileID: 0}
    - target: {fileID: 8851685192506542056, guid: 1160194a817653f4485293da4aa43091,
        type: 3}
      propertyPath: m_LocalRotation.y
      value: 0
      objectReference: {fileID: 0}
    - target: {fileID: 8851685192506542056, guid: 1160194a817653f4485293da4aa43091,
        type: 3}
      propertyPath: m_LocalRotation.z
      value: 0
      objectReference: {fileID: 0}
    - target: {fileID: 8851685192506542056, guid: 1160194a817653f4485293da4aa43091,
        type: 3}
      propertyPath: m_LocalRotation.w
      value: 1
      objectReference: {fileID: 0}
    - target: {fileID: 8851685192506542056, guid: 1160194a817653f4485293da4aa43091,
        type: 3}
      propertyPath: m_RootOrder
      value: 3
      objectReference: {fileID: 0}
    - target: {fileID: 8851685192506542056, guid: 1160194a817653f4485293da4aa43091,
        type: 3}
      propertyPath: m_LocalEulerAnglesHint.x
      value: 0
      objectReference: {fileID: 0}
    - target: {fileID: 8851685192506542056, guid: 1160194a817653f4485293da4aa43091,
        type: 3}
      propertyPath: m_LocalEulerAnglesHint.y
      value: 0
      objectReference: {fileID: 0}
    - target: {fileID: 8851685192506542056, guid: 1160194a817653f4485293da4aa43091,
        type: 3}
      propertyPath: m_LocalEulerAnglesHint.z
      value: 0
      objectReference: {fileID: 0}
    - target: {fileID: 8851685192506542056, guid: 1160194a817653f4485293da4aa43091,
        type: 3}
      propertyPath: m_AnchoredPosition.x
      value: 0
      objectReference: {fileID: 0}
    - target: {fileID: 8851685192506542056, guid: 1160194a817653f4485293da4aa43091,
        type: 3}
      propertyPath: m_AnchoredPosition.y
      value: 0
      objectReference: {fileID: 0}
    - target: {fileID: 8851685192506542056, guid: 1160194a817653f4485293da4aa43091,
        type: 3}
      propertyPath: m_SizeDelta.x
      value: 700
      objectReference: {fileID: 0}
    - target: {fileID: 8851685192506542056, guid: 1160194a817653f4485293da4aa43091,
        type: 3}
      propertyPath: m_SizeDelta.y
      value: 360
      objectReference: {fileID: 0}
    - target: {fileID: 8851685192506542056, guid: 1160194a817653f4485293da4aa43091,
        type: 3}
      propertyPath: m_AnchorMin.x
      value: 0
      objectReference: {fileID: 0}
    - target: {fileID: 8851685192506542056, guid: 1160194a817653f4485293da4aa43091,
        type: 3}
      propertyPath: m_AnchorMin.y
      value: 0
      objectReference: {fileID: 0}
    - target: {fileID: 8851685192506542056, guid: 1160194a817653f4485293da4aa43091,
        type: 3}
      propertyPath: m_AnchorMax.x
      value: 0
      objectReference: {fileID: 0}
    - target: {fileID: 8851685192506542056, guid: 1160194a817653f4485293da4aa43091,
        type: 3}
      propertyPath: m_AnchorMax.y
      value: 0
      objectReference: {fileID: 0}
    - target: {fileID: 8851685192506542056, guid: 1160194a817653f4485293da4aa43091,
        type: 3}
      propertyPath: m_Pivot.x
      value: 0.5
      objectReference: {fileID: 0}
    - target: {fileID: 8851685192506542056, guid: 1160194a817653f4485293da4aa43091,
        type: 3}
      propertyPath: m_Pivot.y
      value: 0.5
      objectReference: {fileID: 0}
    - target: {fileID: 8851685193179726679, guid: 1160194a817653f4485293da4aa43091,
        type: 3}
      propertyPath: m_Color.r
      value: 0.4716981
      objectReference: {fileID: 0}
    - target: {fileID: 8851685193179726679, guid: 1160194a817653f4485293da4aa43091,
        type: 3}
      propertyPath: m_Color.g
      value: 0.4716981
      objectReference: {fileID: 0}
    - target: {fileID: 8851685193179726679, guid: 1160194a817653f4485293da4aa43091,
        type: 3}
      propertyPath: m_Color.b
      value: 0.4716981
      objectReference: {fileID: 0}
    - target: {fileID: 8851685192163559159, guid: 1160194a817653f4485293da4aa43091,
        type: 3}
      propertyPath: m_Color.r
      value: 0.47058824
      objectReference: {fileID: 0}
    - target: {fileID: 8851685192163559159, guid: 1160194a817653f4485293da4aa43091,
        type: 3}
      propertyPath: m_Color.g
      value: 0.47058824
      objectReference: {fileID: 0}
    - target: {fileID: 8851685192163559159, guid: 1160194a817653f4485293da4aa43091,
        type: 3}
      propertyPath: m_Color.b
      value: 0.47058824
      objectReference: {fileID: 0}
    - target: {fileID: 8851685191927087590, guid: 1160194a817653f4485293da4aa43091,
        type: 3}
      propertyPath: m_text
      value: 1
      objectReference: {fileID: 0}
    - target: {fileID: 8851685192368720965, guid: 1160194a817653f4485293da4aa43091,
        type: 3}
      propertyPath: m_AnchorMin.y
      value: 1
      objectReference: {fileID: 0}
    - target: {fileID: 8851685192368720965, guid: 1160194a817653f4485293da4aa43091,
        type: 3}
      propertyPath: m_AnchorMax.y
      value: 1
      objectReference: {fileID: 0}
    - target: {fileID: 8851685192368720965, guid: 1160194a817653f4485293da4aa43091,
        type: 3}
      propertyPath: m_AnchoredPosition.y
      value: -120.915
      objectReference: {fileID: 0}
    - target: {fileID: 8851685191758153820, guid: 1160194a817653f4485293da4aa43091,
        type: 3}
      propertyPath: m_AnchorMin.y
      value: 1
      objectReference: {fileID: 0}
    - target: {fileID: 8851685191758153820, guid: 1160194a817653f4485293da4aa43091,
        type: 3}
      propertyPath: m_AnchorMax.y
      value: 1
      objectReference: {fileID: 0}
    - target: {fileID: 8851685191758153820, guid: 1160194a817653f4485293da4aa43091,
        type: 3}
      propertyPath: m_AnchoredPosition.y
      value: -185.015
      objectReference: {fileID: 0}
    - target: {fileID: 8851685193084903566, guid: 1160194a817653f4485293da4aa43091,
        type: 3}
      propertyPath: m_AnchorMin.y
      value: 1
      objectReference: {fileID: 0}
    - target: {fileID: 8851685193084903566, guid: 1160194a817653f4485293da4aa43091,
        type: 3}
      propertyPath: m_AnchorMax.y
      value: 1
      objectReference: {fileID: 0}
    - target: {fileID: 8851685193084903566, guid: 1160194a817653f4485293da4aa43091,
        type: 3}
      propertyPath: m_AnchoredPosition.y
      value: -232.605
      objectReference: {fileID: 0}
    - target: {fileID: 8851685192965193657, guid: 1160194a817653f4485293da4aa43091,
        type: 3}
      propertyPath: m_IsActive
      value: 1
      objectReference: {fileID: 0}
    - target: {fileID: 8851685192965193656, guid: 1160194a817653f4485293da4aa43091,
        type: 3}
      propertyPath: m_AnchorMin.y
      value: 0
      objectReference: {fileID: 0}
    - target: {fileID: 8851685192965193656, guid: 1160194a817653f4485293da4aa43091,
        type: 3}
      propertyPath: m_AnchorMax.y
      value: 0
      objectReference: {fileID: 0}
    - target: {fileID: 8851685192965193656, guid: 1160194a817653f4485293da4aa43091,
        type: 3}
      propertyPath: m_AnchoredPosition.y
      value: 0
      objectReference: {fileID: 0}
    - target: {fileID: 8851685192368720962, guid: 1160194a817653f4485293da4aa43091,
        type: 3}
      propertyPath: m_IsActive
      value: 0
      objectReference: {fileID: 0}
    - target: {fileID: 8851685191758153821, guid: 1160194a817653f4485293da4aa43091,
        type: 3}
      propertyPath: m_IsActive
      value: 0
      objectReference: {fileID: 0}
    - target: {fileID: 8851685193084903567, guid: 1160194a817653f4485293da4aa43091,
        type: 3}
      propertyPath: m_IsActive
      value: 0
      objectReference: {fileID: 0}
    m_RemovedComponents: []
  m_SourcePrefab: {fileID: 100100000, guid: 1160194a817653f4485293da4aa43091, type: 3}
--- !u!224 &6952102046225110026 stripped
RectTransform:
  m_CorrespondingSourceObject: {fileID: 8851685192506542056, guid: 1160194a817653f4485293da4aa43091,
    type: 3}
  m_PrefabInstance: {fileID: 1922284093952988130}
  m_PrefabAsset: {fileID: 0}
--- !u!1001 &6230098086757551613
PrefabInstance:
  m_ObjectHideFlags: 0
  serializedVersion: 2
  m_Modification:
    m_TransformParent: {fileID: 3216205632049293917}
    m_Modifications:
    - target: {fileID: 8851685192506542057, guid: 1160194a817653f4485293da4aa43091,
        type: 3}
      propertyPath: m_Name
      value: LeagueInfoElement
      objectReference: {fileID: 0}
    - target: {fileID: 8851685192506542056, guid: 1160194a817653f4485293da4aa43091,
        type: 3}
      propertyPath: m_LocalPosition.x
      value: 0
      objectReference: {fileID: 0}
    - target: {fileID: 8851685192506542056, guid: 1160194a817653f4485293da4aa43091,
        type: 3}
      propertyPath: m_LocalPosition.y
      value: 0
      objectReference: {fileID: 0}
    - target: {fileID: 8851685192506542056, guid: 1160194a817653f4485293da4aa43091,
        type: 3}
      propertyPath: m_LocalPosition.z
      value: 0
      objectReference: {fileID: 0}
    - target: {fileID: 8851685192506542056, guid: 1160194a817653f4485293da4aa43091,
        type: 3}
      propertyPath: m_LocalRotation.x
      value: 0
      objectReference: {fileID: 0}
    - target: {fileID: 8851685192506542056, guid: 1160194a817653f4485293da4aa43091,
        type: 3}
      propertyPath: m_LocalRotation.y
      value: 0
      objectReference: {fileID: 0}
    - target: {fileID: 8851685192506542056, guid: 1160194a817653f4485293da4aa43091,
        type: 3}
      propertyPath: m_LocalRotation.z
      value: 0
      objectReference: {fileID: 0}
    - target: {fileID: 8851685192506542056, guid: 1160194a817653f4485293da4aa43091,
        type: 3}
      propertyPath: m_LocalRotation.w
      value: 1
      objectReference: {fileID: 0}
    - target: {fileID: 8851685192506542056, guid: 1160194a817653f4485293da4aa43091,
        type: 3}
      propertyPath: m_RootOrder
      value: 1
      objectReference: {fileID: 0}
    - target: {fileID: 8851685192506542056, guid: 1160194a817653f4485293da4aa43091,
        type: 3}
      propertyPath: m_LocalEulerAnglesHint.x
      value: 0
      objectReference: {fileID: 0}
    - target: {fileID: 8851685192506542056, guid: 1160194a817653f4485293da4aa43091,
        type: 3}
      propertyPath: m_LocalEulerAnglesHint.y
      value: 0
      objectReference: {fileID: 0}
    - target: {fileID: 8851685192506542056, guid: 1160194a817653f4485293da4aa43091,
        type: 3}
      propertyPath: m_LocalEulerAnglesHint.z
      value: 0
      objectReference: {fileID: 0}
    - target: {fileID: 8851685192506542056, guid: 1160194a817653f4485293da4aa43091,
        type: 3}
      propertyPath: m_AnchoredPosition.x
      value: 0
      objectReference: {fileID: 0}
    - target: {fileID: 8851685192506542056, guid: 1160194a817653f4485293da4aa43091,
        type: 3}
      propertyPath: m_AnchoredPosition.y
      value: 0
      objectReference: {fileID: 0}
    - target: {fileID: 8851685192506542056, guid: 1160194a817653f4485293da4aa43091,
        type: 3}
      propertyPath: m_SizeDelta.x
      value: 700
      objectReference: {fileID: 0}
    - target: {fileID: 8851685192506542056, guid: 1160194a817653f4485293da4aa43091,
        type: 3}
      propertyPath: m_SizeDelta.y
      value: 360
      objectReference: {fileID: 0}
    - target: {fileID: 8851685192506542056, guid: 1160194a817653f4485293da4aa43091,
        type: 3}
      propertyPath: m_AnchorMin.x
      value: 0
      objectReference: {fileID: 0}
    - target: {fileID: 8851685192506542056, guid: 1160194a817653f4485293da4aa43091,
        type: 3}
      propertyPath: m_AnchorMin.y
      value: 0
      objectReference: {fileID: 0}
    - target: {fileID: 8851685192506542056, guid: 1160194a817653f4485293da4aa43091,
        type: 3}
      propertyPath: m_AnchorMax.x
      value: 0
      objectReference: {fileID: 0}
    - target: {fileID: 8851685192506542056, guid: 1160194a817653f4485293da4aa43091,
        type: 3}
      propertyPath: m_AnchorMax.y
      value: 0
      objectReference: {fileID: 0}
    - target: {fileID: 8851685192506542056, guid: 1160194a817653f4485293da4aa43091,
        type: 3}
      propertyPath: m_Pivot.x
      value: 0.5
      objectReference: {fileID: 0}
    - target: {fileID: 8851685192506542056, guid: 1160194a817653f4485293da4aa43091,
        type: 3}
      propertyPath: m_Pivot.y
      value: 0.5
      objectReference: {fileID: 0}
    - target: {fileID: 8851685193179726679, guid: 1160194a817653f4485293da4aa43091,
        type: 3}
      propertyPath: m_Color.r
      value: 0
      objectReference: {fileID: 0}
    - target: {fileID: 8851685193179726679, guid: 1160194a817653f4485293da4aa43091,
        type: 3}
      propertyPath: m_Color.g
      value: 0.8773585
      objectReference: {fileID: 0}
    - target: {fileID: 8851685193179726679, guid: 1160194a817653f4485293da4aa43091,
        type: 3}
      propertyPath: m_Color.b
      value: 0.0073513715
      objectReference: {fileID: 0}
    m_RemovedComponents: []
  m_SourcePrefab: {fileID: 100100000, guid: 1160194a817653f4485293da4aa43091, type: 3}
--- !u!224 &3216205631731419669 stripped
RectTransform:
  m_CorrespondingSourceObject: {fileID: 8851685192506542056, guid: 1160194a817653f4485293da4aa43091,
    type: 3}
  m_PrefabInstance: {fileID: 6230098086757551613}
  m_PrefabAsset: {fileID: 0}
--- !u!1001 &8193581618185405507
PrefabInstance:
  m_ObjectHideFlags: 0
  serializedVersion: 2
  m_Modification:
    m_TransformParent: {fileID: 3216205632049293917}
    m_Modifications:
    - target: {fileID: 8851685192506542057, guid: 1160194a817653f4485293da4aa43091,
        type: 3}
      propertyPath: m_Name
      value: LeagueInfoElement (1)
      objectReference: {fileID: 0}
    - target: {fileID: 8851685192506542056, guid: 1160194a817653f4485293da4aa43091,
        type: 3}
      propertyPath: m_LocalPosition.x
      value: 0
      objectReference: {fileID: 0}
    - target: {fileID: 8851685192506542056, guid: 1160194a817653f4485293da4aa43091,
        type: 3}
      propertyPath: m_LocalPosition.y
      value: 0
      objectReference: {fileID: 0}
    - target: {fileID: 8851685192506542056, guid: 1160194a817653f4485293da4aa43091,
        type: 3}
      propertyPath: m_LocalPosition.z
      value: 0
      objectReference: {fileID: 0}
    - target: {fileID: 8851685192506542056, guid: 1160194a817653f4485293da4aa43091,
        type: 3}
      propertyPath: m_LocalRotation.x
      value: 0
      objectReference: {fileID: 0}
    - target: {fileID: 8851685192506542056, guid: 1160194a817653f4485293da4aa43091,
        type: 3}
      propertyPath: m_LocalRotation.y
      value: 0
      objectReference: {fileID: 0}
    - target: {fileID: 8851685192506542056, guid: 1160194a817653f4485293da4aa43091,
        type: 3}
      propertyPath: m_LocalRotation.z
      value: 0
      objectReference: {fileID: 0}
    - target: {fileID: 8851685192506542056, guid: 1160194a817653f4485293da4aa43091,
        type: 3}
      propertyPath: m_LocalRotation.w
      value: 1
      objectReference: {fileID: 0}
    - target: {fileID: 8851685192506542056, guid: 1160194a817653f4485293da4aa43091,
        type: 3}
      propertyPath: m_RootOrder
      value: 2
      objectReference: {fileID: 0}
    - target: {fileID: 8851685192506542056, guid: 1160194a817653f4485293da4aa43091,
        type: 3}
      propertyPath: m_LocalEulerAnglesHint.x
      value: 0
      objectReference: {fileID: 0}
    - target: {fileID: 8851685192506542056, guid: 1160194a817653f4485293da4aa43091,
        type: 3}
      propertyPath: m_LocalEulerAnglesHint.y
      value: 0
      objectReference: {fileID: 0}
    - target: {fileID: 8851685192506542056, guid: 1160194a817653f4485293da4aa43091,
        type: 3}
      propertyPath: m_LocalEulerAnglesHint.z
      value: 0
      objectReference: {fileID: 0}
    - target: {fileID: 8851685192506542056, guid: 1160194a817653f4485293da4aa43091,
        type: 3}
      propertyPath: m_AnchoredPosition.x
      value: 0
      objectReference: {fileID: 0}
    - target: {fileID: 8851685192506542056, guid: 1160194a817653f4485293da4aa43091,
        type: 3}
      propertyPath: m_AnchoredPosition.y
      value: 0
      objectReference: {fileID: 0}
    - target: {fileID: 8851685192506542056, guid: 1160194a817653f4485293da4aa43091,
        type: 3}
      propertyPath: m_SizeDelta.x
      value: 700
      objectReference: {fileID: 0}
    - target: {fileID: 8851685192506542056, guid: 1160194a817653f4485293da4aa43091,
        type: 3}
      propertyPath: m_SizeDelta.y
      value: 360
      objectReference: {fileID: 0}
    - target: {fileID: 8851685192506542056, guid: 1160194a817653f4485293da4aa43091,
        type: 3}
      propertyPath: m_AnchorMin.x
      value: 0
      objectReference: {fileID: 0}
    - target: {fileID: 8851685192506542056, guid: 1160194a817653f4485293da4aa43091,
        type: 3}
      propertyPath: m_AnchorMin.y
      value: 0
      objectReference: {fileID: 0}
    - target: {fileID: 8851685192506542056, guid: 1160194a817653f4485293da4aa43091,
        type: 3}
      propertyPath: m_AnchorMax.x
      value: 0
      objectReference: {fileID: 0}
    - target: {fileID: 8851685192506542056, guid: 1160194a817653f4485293da4aa43091,
        type: 3}
      propertyPath: m_AnchorMax.y
      value: 0
      objectReference: {fileID: 0}
    - target: {fileID: 8851685192506542056, guid: 1160194a817653f4485293da4aa43091,
        type: 3}
      propertyPath: m_Pivot.x
      value: 0.5
      objectReference: {fileID: 0}
    - target: {fileID: 8851685192506542056, guid: 1160194a817653f4485293da4aa43091,
        type: 3}
      propertyPath: m_Pivot.y
      value: 0.5
      objectReference: {fileID: 0}
    - target: {fileID: 8851685192506542056, guid: 1160194a817653f4485293da4aa43091,
        type: 3}
      propertyPath: m_LocalScale.x
      value: 1.3
      objectReference: {fileID: 0}
    - target: {fileID: 8851685192506542056, guid: 1160194a817653f4485293da4aa43091,
        type: 3}
      propertyPath: m_LocalScale.y
      value: 1.3
      objectReference: {fileID: 0}
    - target: {fileID: 8851685191927087590, guid: 1160194a817653f4485293da4aa43091,
        type: 3}
      propertyPath: m_text
      value: 2
      objectReference: {fileID: 0}
    m_RemovedComponents: []
  m_SourcePrefab: {fileID: 100100000, guid: 1160194a817653f4485293da4aa43091, type: 3}
--- !u!224 &820486196356219819 stripped
RectTransform:
  m_CorrespondingSourceObject: {fileID: 8851685192506542056, guid: 1160194a817653f4485293da4aa43091,
    type: 3}
  m_PrefabInstance: {fileID: 8193581618185405507}
  m_PrefabAsset: {fileID: 0}
